<record><leader>01757pam a2200457 i 4500</leader><controlfield tag="001">6759760</controlfield><controlfield tag="003">OCoLC</controlfield><controlfield tag="005">20141205080021.0</controlfield><controlfield tag="008">140828t20152015moua     b    001 0 eng  </controlfield><datafield ind1=" " ind2=" " tag="010"><subfield code="a">  2014034663</subfield></datafield><datafield ind1="7" ind2=" " tag="016"><subfield code="a">101640224</subfield><subfield code="2">DNLM</subfield></datafield><datafield ind1=" " ind2=" " tag="020"><subfield code="a">9780323266024</subfield><subfield code="q">pbk. : alk. paper</subfield></datafield><datafield ind1=" " ind2=" " tag="020"><subfield code="a">0323266029</subfield><subfield code="q">pbk. : alk. paper</subfield></datafield><datafield ind1=" " ind2=" " tag="035"><subfield code="a">ocn889997831</subfield></datafield><datafield ind1=" " ind2=" " tag="040"><subfield code="a">DNLM/DLC</subfield><subfield code="b">eng</subfield><subfield code="e">rda</subfield><subfield code="c">DLC</subfield><subfield code="d">NLM</subfield><subfield code="d">YDXCP</subfield><subfield code="d">SPB</subfield><subfield code="d">VET</subfield><subfield code="d">OCLCQ</subfield><subfield code="d">S4S</subfield><subfield code="d">OCLCQ</subfield><subfield code="d">AEU</subfield><subfield code="d">AEMH</subfield></datafield><datafield ind1=" " ind2=" " tag="042"><subfield code="a">pcc</subfield></datafield><datafield ind1="0" ind2="0" tag="050"><subfield code="a">RC954</subfield><subfield code="b">.G4735 2015</subfield></datafield><datafield ind1="1" ind2="0" tag="060"><subfield code="a">WY 152</subfield></datafield><datafield ind1=" " ind2="4" tag="060"><subfield code="a">WY 152</subfield><subfield code="b">G36962 2015</subfield></datafield><datafield ind1="0" ind2="0" tag="082"><subfield code="a">618.97/0231</subfield><subfield code="2">23</subfield></datafield><datafield ind1=" " ind2=" " tag="090"><subfield code="a">RC954 .G47355 2015</subfield><subfield code="b">AEGMCT</subfield></datafield><datafield ind1=" " ind2=" " tag="090"><subfield code="a">WY 152 G36962 2015</subfield><subfield code="b">AEMH</subfield></datafield><datafield ind1=" " ind2=" " tag="090"><subfield code="a">WY 152 G36962 2015</subfield><subfield code="b">AERA</subfield></datafield><datafield ind1="0" ind2=" " tag="130"><subfield code="a">Gerontologic nursing (Lueckenotte)</subfield></datafield><datafield ind1="1" ind2="0" tag="245"><subfield code="a">Gerontologic nursing /</subfield><subfield code="c">[edited by] Sue E. Meiner, EdD, APRN, BC-GNP.</subfield></datafield><datafield ind1=" " ind2=" " tag="250"><subfield code="a">Fifth edition.</subfield></datafield><datafield ind1=" " ind2="1" tag="264"><subfield code="a">Maryland Heights, Missouri :</subfield><subfield code="b">Elsevier,</subfield><subfield code="c">[2015]</subfield></datafield><datafield ind1=" " ind2="4" tag="264"><subfield code="c">&#169;2015</subfield></datafield><datafield ind1=" " ind2=" " tag="300"><subfield code="a">xxiii, 680 pages :</subfield><subfield code="b">illustrations ;</subfield><subfield code="c">28 cm</subfield></datafield><datafield ind1=" " ind2=" " tag="336"><subfield code="a">text</subfield><subfield code="b">txt</subfield><subfield code="2">rdacontent</subfield></datafield><datafield ind1=" " ind2=" " tag="337"><subfield code="a">unmediated</subfield><subfield code="b">n</subfield><subfield code="2">rdamedia</subfield></datafield><datafield ind1=" " ind2=" " tag="338"><subfield code="a">volume</subfield><subfield code="b">nc</subfield><subfield code="2">rdacarrier</subfield></datafield><datafield ind1=" " ind2=" " tag="504"><subfield code="a">Includes bibliographical references and index.</subfield></datafield><datafield ind1=" " ind2=" " tag="596"><subfield code="a">18 19 29</subfield></datafield><datafield ind1=" " ind2="0" tag="650"><subfield code="a">Geriatric nursing.</subfield></datafield><datafield ind1=" " ind2="2" tag="650"><subfield code="a">Geriatric Nursing.</subfield></datafield><datafield ind1=" " ind2="2" tag="650"><subfield code="a">Long-Term Care.</subfield></datafield><datafield ind1="1" ind2=" " tag="700"><subfield code="a">Meiner, Sue,</subfield><subfield code="e">editor.</subfield></datafield><datafield ind1=" " ind2=" " tag="926"><subfield code="a">RC954 .G47355 2015</subfield><subfield code="w">LC</subfield><subfield code="c">1</subfield><subfield code="i">1007432154</subfield><subfield code="d">4/3/2017</subfield><subfield code="e">4/3/2017</subfield><subfield code="k">CHECKEDOUT</subfield><subfield code="l">ON_SHELF</subfield><subfield code="m">GR_MACEWAN</subfield><subfield code="n">6</subfield><subfield code="p">$92.95</subfield><subfield code="r">M</subfield><subfield code="s">Y</subfield><subfield code="t">BOOK</subfield><subfield code="u">12/17/2014</subfield></datafield><datafield ind1=" " ind2=" " tag="926"><subfield code="a">WY 152 G36962 2015</subfield><subfield code="w">NLM</subfield><subfield code="c">1</subfield><subfield code="i">0163730122997</subfield><subfield code="d">4/4/2017</subfield><subfield code="e">4/4/2017</subfield><subfield code="f">11/13/2015</subfield><subfield code="g">1</subfield><subfield code="k">CHECKEDOUT</subfield><subfield code="l">ON_SHELF</subfield><subfield code="m">COVENANTMH</subfield><subfield code="n">2</subfield><subfield code="p">$150.00</subfield><subfield code="r">M</subfield><subfield code="s">Y</subfield><subfield code="t">BOOK</subfield><subfield code="u">1/27/2015</subfield></datafield><datafield ind1=" " ind2=" " tag="926"><subfield code="a">WY 152 G36962 2015</subfield><subfield code="w">NLM</subfield><subfield code="c">1</subfield><subfield code="i">0163760001046</subfield><subfield code="l">ON_SHELF</subfield><subfield code="m">AHS_RAH</subfield><subfield code="r">Y</subfield><subfield code="s">Y</subfield><subfield code="t">BOOK</subfield><subfield code="u">3/6/2015</subfield></datafield></record>